@article{Influential,
  title={Influentials, Networks, and Public Opinion Formation},
  author={Duncan J. Watts and Peter Sheridan Dodds},
  journal={Journal of Consumer Research},
  year={2007},
  volume={34},
  pages={441-458}
}

@article{github,
    author       = {Priscilla Chen and Michael Lin},
    title        = {{Influentials and the Spread of Innovations Github Repository Code Reference}},
    year={2020},
    journal          = {\url{https://github.com/MiLinny/Influentials}}
    }