@article{Influential,
  title={Influentials, Networks, and Public Opinion Formation},
  author={Duncan J. Watts and Peter Sheridan Dodds},
  journal={Journal of Consumer Research},
  year={2007},
  volume={34},
  pages={441-458}
}